<?xml version="1.0" encoding="UTF-8"?>
<record xmlns="http://www.loc.gov/MARC21/slim" xmlns:xsi="http://www.w3.org/2001/XMLSchema-instance" xsi:schemaLocation="http://www.loc.gov/MARC21/slim http://www.loc.gov/standards/marcxml/schema/MARC21slim.xsd">
<leader>     cam a2200253   4500</leader>
<controlfield tag="001">001677384</controlfield>
<controlfield tag="003">NNU</controlfield>
<controlfield tag="005">19970501174529.1</controlfield>
<controlfield tag="008">820728s1968    iq       b    000 0barar</controlfield>
<datafield tag="010" ind1=" " ind2=" ">
<subfield code="a">70261011</subfield>
</datafield>
<datafield tag="035" ind1="9" ind2=" ">
<subfield code="a">NYUb12220762</subfield>
</datafield>
<datafield tag="035" ind1=" " ind2=" ">
<subfield code="a">(MH)MHBIO94273HU</subfield>
</datafield>
<datafield tag="035" ind1=" " ind2=" ">
<subfield code="a">(OCoLC)08638551</subfield>
</datafield>
<datafield tag="035" ind1=" " ind2=" ">
<subfield code="a">(CStRLIN)MAHGBIO94273-B</subfield>
</datafield>
<datafield tag="040" ind1=" " ind2=" ">
<subfield code="a">DLC</subfield>
<subfield code="c">TU</subfield>
<subfield code="d">TU</subfield>
<subfield code="d">MH</subfield>
<subfield code="d">CStRLIN</subfield>
</datafield>
<datafield tag="050" ind1="0" ind2=" ">
<subfield code="a">BP80.M88</subfield>
<subfield code="b">A67</subfield>
</datafield>
<datafield tag="100" ind1="1" ind2=" ">
<subfield code="a">Ali, Abbas.</subfield>
</datafield>
<datafield tag="245" ind1="1" ind2="3">
<subfield code="a">al-Imām Sharaf al-Dīn ḥuzmat ḍawʼ ʻalā ṭarīq al-fikr al-imāmī,</subfield>
<subfield code="b">dirāsah wāʻiyah tatanā-wal al-jānib al-fikrī fī ḥayāt al-Imām al-Sayyid ʻAbd al-Ḥusayn Sharaf al-Dīn, al-rajul al-ladhī jaddada uṭur mafāhīm wa-waḍaʻa nuqāṭ ʻalā ḥurūf wa-sāham fī ījād manākh mulāʼim li-numuw faʻālīyāt Islāmīyah munfaṭihah ʻalā masraḥ al-fikr</subfield>
<subfield code="c">[taʼlīf] ʻAbbās ʻAlī.</subfield>
</datafield>
<datafield tag="260" ind1=" " ind2=" ">
<subfield code="a">al-Najaf,</subfield>
<subfield code="b">Maṭbaʻat al-Nuʻmān,</subfield>
<subfield code="c">1968.</subfield>
</datafield>
<datafield tag="300" ind1=" " ind2=" ">
<subfield code="a">200 p.</subfield>
<subfield code="c">25 cm.</subfield>
</datafield>
<datafield tag="504" ind1=" " ind2=" ">
<subfield code="a">Bibliography : p. 199-200.</subfield>
</datafield>
<datafield tag="600" ind1="1" ind2="0">
<subfield code="a">Sharaf al-Dīn, ʻAbd al-Ḥusayn.</subfield>
</datafield>
<datafield tag="OWN" ind1=" " ind2=" ">
<subfield code="a">GENERAL</subfield>
</datafield>
<datafield tag="950" ind1=" " ind2=" ">
<subfield code="l">BMAIN</subfield>
<subfield code="a">BP80.M88</subfield>
<subfield code="b">A67</subfield>
</datafield>
<datafield tag="955" ind1=" " ind2=" ">
<subfield code="l">BMAIN</subfield>
<subfield code="c">1</subfield>
<subfield code="r">028232786</subfield>
</datafield>
<datafield tag="998" ind1=" " ind2=" ">
<subfield code="s">9115</subfield>
</datafield>
<datafield tag="AVA" ind1=" " ind2=" ">
<subfield code="a">NYU50</subfield>
<subfield code="b">BOBST</subfield>
<subfield code="c">Main Collection</subfield>
<subfield code="d">BP80.M88 A67</subfield>
<subfield code="e">unavailable</subfield>
<subfield code="t">Unavailable</subfield>
<subfield code="f">1</subfield>
<subfield code="g">1</subfield>
<subfield code="h">N</subfield>
<subfield code="i">0</subfield>
<subfield code="j">MAIN</subfield>
<subfield code="k">0</subfield>
</datafield>
</record>
